

@article {Ramirez2018Determination,
title={Determination of the course sequencing to intelligent tutoring systems using an ontology and Wikipedia},
author={Ramírez-Noriega, Alan
Juárez-Ramírez, Reyes
Jiménez, Samantha
Martínez-Ramírez, Yobani
Figueroa Pérez, J. Francisco},
year={2018},
publisher={Journal of Intelligent and Fuzzy Systems}
}


@ARTICLE{Ram,
author = {Ramirez-Noriega, Alan
Juárez-Ramírez, Reyes
Jiménez, Samantha
Martínez-Ramírez, Yobani
Figueroa Pérez, J. Francisco},
year = 2018,
title = {Decomposition principle for linear programs},
journal = {Journal of Intelligent and Fuzzy Systems},
}

@PROCEEDINGS{Thiyagarajan,
title = {A closer look at extreme programming (XP) with an onsite-offshore model to develop software projects using XP methodology},
author = {Thiyagarajan, Ponmurugarajan S.
Verma, Sachal},
year = 2009,

}

@article{Acce,
title={Acceptance of software process innovations- The case of extreme programming},
author={Mangalaraj, George
Mahapatra, Radhakanta
Nerur, Sridhar},
year={2009},
journal={European Journal of Information Systems}
}


@book{App,
title={Applying agile design sprint methods in action design research: Prototyping a health and wellbeing platform},
author={Keijzer-Broers, W. J.W.
de Reuver, M.},
year={2016},
publisher={Delft University of Technology, Delft, The Netherlands }
}



@book{Com,
title={Comparing Scrum and XP Agile Methodologies Using Dynamic Simulation Modeling},
author={Alexandros, Nasiopoulos K.
Sakas, Damianos P.
Vlachos, D. S.
Dimitrios, Nasiopoulos K.},
pages={391--392},
year={2017},
publisher={Springer International Publishing AG 2017}
}


@PROCEEDINGS{Des,
title = {Designing valuable products with design sprint},
year = 2017,
}

@PHDTHESIS{Chacon,
author = {Chacón, Julio César Rueda},
title = {APLICACIÓN DE LA METODOLOGÍA RUP PARA EL DESARROLLO RÁPIDO DE APLICACIONES BASADO EN EL ESTÁNDAR J2EE},
school={Facultad de ingenieria UNIVERSIDAD DE SAN CARLOS DE GUATEMALA},
year = {2006},
}


@PROCEEDINGS{Des,
title = {The positive affect of the XP methodology},
year = 2005,
}



@PHDTHESIS{David,
	title={ANÁLISIS COMPARATIVO DE METODOLOGÍAS DE INCEPCIÓN Y RETROSPECTIVA EN EL DESARROLLO DE UN PROTOTIPO DE APLICACIÓN PARA GIMNASIOS},
	author={DAVID RICARDO MOLINEROS VILLENA},
	year={2018},
	pages={15},
	school = "PONTIFICIA UNIVERSIDAD CATÓLICA DEL ECUADOR",
}


@PHDTHESIS{David,
author = "DAVID RICARDO MOLINEROS VILLENA",
title = "{ANÁLISIS COMPARATIVO DE METODOLOGÍAS DE INCEPCIÓN Y RETROSPECTIVA EN EL DESARROLLO DE UN PROTOTIPO DE APLICACIÓN PARA GIMNASIOS}",
school = "PONTIFICIA UNIVERSIDAD CATÓLICA DEL ECUADOR ",
year =   "2018",
pages={16-17},
}
